% ===============================
% Introduction
% ===============================
@misc{KeylessDoorProsCons,
    key = {KeylessDoorProsCons},
    title = {Pros and Cons of a Keyless Door Entry},
    howpublished = {\url{http://www.locksmithorting.com/pros-and-cons-of-a-keyless-door-entry}},
    year = {2014},
    month = oct,
    note = {Accessed: 2015-04-18}
}

@misc{AccessControlDeviceCost,
    key = {AccessControlDeviceCost},
    title = {{BarcodesInc} Search: Category: Access Control},
    howpublished = {\url{http://www.barcodesinc.com/p/subcategory=Access_Control/}},
    note = {Accessed: 2015-04-26}
}

@article{hoepman2007increased,
    title = {Increased security through open source},
    author = {Hoepman, Jaap-Henk and Jacobs, Bart},
    journal = {Communications of the ACM},
    volume = {50},
    number = {1},
    pages = {79--83},
    year = {2007},
    publisher = {ACM},
    link = {http://arxiv.org/pdf/0801.3924.pdf}
}

@misc{IPBasedDoorAccess,
    key = {IPBasedDoorAccess},
    title = {5 Sources of Savings Using {IP}-Based Door Access Readers},
    howpublished = {\url{http://www.securitysales.com/article/5-sources-of-savings-using-ip-based-door-access-readers}},
    year = {2012},
    month = oct,
    note = {Accessed: 2015-04-26}
}


% ===============================
% Background
% ===============================
@article{Gunson2011,
    title = {User perceptions of security and usability of single-factor and two-factor authentication in automated telephone banking},
    author = {Gunson, Nancie and Marshall, Diarmid and Morton, Hazel and Jack, Mervyn},
    journal = {computers \& security},
    volume = {30},
    number = {4},
    pages = {208--220},
    year = {2011},
    publisher = {Elsevier},
    link = {http://www.research.ed.ac.uk/portal/files/11914398/Gunson_7.pdf}
}

@misc{RPi1ModelB,
    key = {RPi1ModelB},
    title = {{Raspberry Pi 1 Model B+}},
    howpublished = {\url{https://www.raspberrypi.org/products/model-b-plus/}},
    note = {Accessed: 2015-04-19}
}

@misc{RPi2ModelB,
    key = {RPi2ModelB},
    title = {{Raspberry Pi 2 Model B}},
    howpublished = {\url{https://www.raspberrypi.org/products/raspberry-pi-2-model-b/}},
    note = {Accessed: 2015-04-19}
}

% ===============================
% Related Work
% ===============================

@misc{Secukey_F6,
    key = {Secukey_F6},
    title = {F6 Fingerprint, {RFID} \& {PIN} Reader},
    howpublished = {\url{http://www.secukey.com.cn/eshowProDetail.asp?ProID=1908}},
    note = {Accessed: 2015-04-26}
}

@misc{Secukey_ezplaza,
    key = {Secukey_ezplaza},
    title = {F6 Fingerprint/Keypad/Proximity Access Contol},
    howpublished = {\url{http://www.ecplaza.net/product/f6-fingerprint-keypad-proximity-access--404099-3366872.html}},
    note = {Accessed: 2015-05-03}
}

@misc{CDRKing_Biometric,
    key = {CDRKing_Biometric},
    title = {{CD-R King} 2.8'' Full Colored Biometric},
    howpublished = {\url{http://www.cdrking.com/?mod=products&type=view&sid=15859&main=156}},
    note = {Accessed: 2015-05-03}
}

@misc{HID_About,
    key = {HID_About},
    title = {About {HID} - A Trusted Leader in Secure Identity Solutions},
    howpublished = {\url{http://www.hidglobal.com/about-hid}},
    note = {Accessed: 2015-05-03}
}

@misc{HID_RPK40_Price,
    key = {HID_RPK40_Price},
    title = {{HID iCLASS RPK40} Access Control Device},
    howpublished = {\url{www.barcodesinc.com/hid/iclass-rpk40.htm}},
    note = {Accessed: 2015-05-03}
}

@misc{HID_RPK40,
	key = {HID_RPK40},
    title = {{HID iCLASS RPK40}},
    howpublished = {\url{http://www.hidglobal.com/products/readers/iclass/rpk40}},
    note = {Accessed: 2015-05-03}
}

@misc{OpenAccessControl,
    key = {OpenAccessControl},
    title = {Open Access Control for Hacker Spaces},
    howpublished = {\url{https://code.google.com/p/open-access-control/}},
    note = {Accessed: 2015-05-09}
}

@misc{ArduinoVsPi,
    key = {ArduinoVsPi},
    author = {Lauren Orsini},
    title = {{Arduino} Vs. {Raspberry Pi}: Which Is The Right {DIY} Platform For You?},
    year = {2014},
    month = may,
    day = {7},
    howpublished = {\url{http://readwrite.com/2014/05/07/arduino-vs-raspberry-pi-projects-diy-platform}},
    note = {Accessed: 2015-05-11}
}

@misc{PiLock,
    key = {PiLock},
    author = {Paolo Bernasconi},
    title = {{Raspberry Pi RFID} Door Lock},
    howpublished = {\url{http://www.pi-lock.com}},
    note = {Accessed: 2015-04-19}
}

@misc{SparkfunFingerprint,
    key = {SparkfunFingerprint},
    author = {SparkFun Electronics (US)},
    title = {Fingerprint Scanner - {TTL} ({GT-511C3})},
    howpublished = {\url{https://www.sparkfun.com/products/11792}},
    note = {Accessed: 2015-05-19}
}

@misc{SmackFingerSDK,
    key = {SmackFingerSDK},
    title = {Fingerprint Identification {SDK} ``Smack Finger {SDK} 3.0'' Specification 1.3},
    publisher = {Beijing Smackbio Technology Co. Ltd.},
    year = {2008},
    month = jun,
    howpublished = {\url{http://smackbio.mycomb.cn/web/smackbio/files/SFESpecification.pdf}},
    note = {Accessed: 2015-05-19}
}

% ===============================
% Design and Architecture
% ===============================


% ===============================
% Implementation
% ===============================



% ===============================
% Evaluation
% ===============================

@misc{rfc6762,
	key = {rfc6762},
    author = {S. Cheshire, M. Krochmal},
    publisher = {Apple, Inc.},
    title = {Multicast {DNS} - {RFC} 6762},
    year = {2013},
    month = feb
}

@misc{MiFareAdafruit,
	key = {MiFareAdafruit},
    title = {MiFare Classic {(13.56MHz RFID/NFC)} Card},
    howpublished = {\url{http://www.adafruit.com/product/359}},
    note = {Accessed: 2015-01-02}
}

@incollection{de2008practical,
    title={A practical attack on the MIFARE Classic},
    author={de Koning Gans, Gerhard and Hoepman, Jaap-Henk and Garcia, Flavio D},
    booktitle={Smart Card Research and Advanced Applications},
    pages={267--282},
    year={2008},
    publisher={Springer}
}

@inproceedings{matsumoto2002impact,
    title={Impact of artificial gummy fingers on fingerprint systems},
    author={Matsumoto, Tsutomu and Matsumoto, Hiroyuki and Yamada, Koji and Hoshino, Satoshi},
    booktitle={Electronic Imaging 2002},
    pages={275--289},
    year={2002},
    organization={International Society for Optics and Photonics},
    link = {http://cryptome.info/0001/gummy/gummy.htm}
}





@misc{ISO9798_2010,
   key = {ISO/IEC 9798},
   publisher = {ISO, Berlin, Germany},
   type = {Standard},
   title = {Information Technology \textendash Security Techniques \textendash Entity Authentication},
   number = {ISO/IEC 9798},
   year = {2010},
   link = {www.bcc.net.bd/wp-content/uploads/2014/08/ISO_IEC_9798-1.pdf}
}

@misc{AAMHS2011,
    author = {CA Technologies},
    title = {Advanced Authentication Methods: Software vs. Hardware},
    year = {2011},
    note = {\url{http://www.ca.com/~/media/Files/whitepapers/ebook-advanced-authenticaiton-methods.pdf}. Last accessed 13 September 2014.}
}

@misc{InfoSecurity2012,
    title = {Software-based authentication 95\% cheaper than hardware-based authentication, report shows},
    year = {2012},
    month = {July},
    note = {\url{http://www.infosecurity-magazine.com/news/software-based-authentication-95-cheaper-than/}. Last accessed 13 September 2014.}
}

@phdthesis{Pasupathinathan2009,
	author = {Vijayakrishnan Pasupathinathan},
	title = {Hardware-based Identification and Authentication Systems},
	school = {Macquarie University},
	year = {2009},
	link = {http://research.science.mq.edu.au/acac/researchstudent_completed/Vijay_thesis.pdf}
}

@article{KardasTunali2006,
    author = {Geylani Kardas and E. Turhan Tunali},
    year = {2006},
    title = {Design and implementation of a smart card based healthcare information system},
    journal = {Computer Methods and Programs in Biomedicine},
    volume = {81},
    month = {January},
    pages = {66-78},
    link = {http://www.sciencedirect.com/science/article/pii/S0169260705002142}
}

@article{OGorman2003,
    author = {Lawrence O'Gorman},
    journal = {Proceedings of the IEEE},
    title = {Comparing passwords, tokens, and biometrics for user authentication},
    year = {2003},
    month = {Dec},
    volume = {91},
    number = {12},
    pages = {2021-2040},
    link = {http://ieeexplore.ieee.org/xpls/abs_all.jsp?arnumber=1246384}
}

@misc{KeylexPin,
    title = {{PIN} Code Locks -- {REL.RB3002} Series PIN Locks},
    note = {\url{http://www.keylex.co.uk/acatalog/Pin-Code-Locks.html}. Last accessed 26 September 2014.}
}

@misc{MegaMatcher,
    title = {MegaMatcher Algorithm Features and Capabilities},
    note = {\url{http://www.neurotechnology.com/megamatcher-technology.html}. Last accessed 26 September 2014.}
}

@misc{MegaMatcherPrices,
    title = {Prices for MegaMatcher},
    year = {2014},
    month = {March},
    day = {17},
    note = {\url{http://www.neurotechnology.com/prices-megamatcher.html}.  Last accessed 26 September 2014.}
}

@article{Violino2005,
    author = {Bob Violino},
    journal = {RFID Journal},
    title = {{RFID} System Components and Costs},
    year = {2005},
    month = {January},
    link = {http://www.rfidjournal.com/articles/view?1336/1}
}


@article{Violino2006,
    author = {Bob Violino},
    journal = {RFID Journal},
    title = {{RFID} System Components and Costs},
    year = {2006},
    month = {January},
    link = {http://www.rfidjournal.com/faq/show?861}
}


@misc{LodgemartMiwaLock,
    title = {Miwa {AL5H} Hotel Lock},
    note = {\url{http://www.lodgemart.com/mialholo.html}. Last accessed 25 September 2014.}
}

@misc{MiwaLock,
    title = {{AL5H} Hotel Lock System},
    note = {\url{http://www.miwalock.com/product/al5h/}. Last accessed 25 September 2014.}
}

@misc{ChurchTrac,
    title = {Barcode Check-In and Child Security},
    note = {\url{http://www.churchtrac.com/knowledgebase/checkin_child_security.htm}. Last accessed 24 September 2014.}
}

@misc{Yung2013,
    author = {Jolin Yung},
    title = {Software and Device for crack and copy Mifare 1k S50 UID},
    year = {2013},
    month = {May},
    day = {6},
    note = {\url{http://proxmark3-gezhitech.blogspot.com/2013/05/software-and-device-for-crack-and-copy.html}. Last accessed 2 January 2015.}
}

@misc{CardwerkSmartCard,
    title = {Smart Card Technology},
    note = {\url{http://www.cardwerk.com/smartcards/smartcard_technology.aspx}. Last accessed 26 September 2014.}
}

@misc{LowesKeypadLocks,
    title = {Electronic Keypad Locks},
    note = {\url{http://www.lowes.ca/hardware/door-window-hardware/door-handles-locks/electronic-keypad-locks/}. Last accessed 2 January 2015.}
}

@misc{ISO9564-1_2002,
   key = {ISO/IEC 9564-1},
   publisher = {ISO, Berlin, Germany},
   type = {Standard},
   title = {Banking -- Personal Identification Number (PIN) management and security -- Part 1: Basic principles and requirements for online PIN handling in ATM and POS systems},
   number = {ISO/IEC 9564-1},
   year = {2002},
   link = {http://www.iso.org/iso/iso_catalogue/catalogue_tc/catalogue_detail.htm?csnumber=29374}
}


@article{Test001,
    author = {Seth Lloyd},
    year = {2000},
    title = {Ultimate physical limits to computation},
    journal = {MIT Department of Mechanical Engineering},
    month = {February},
    note = {\url{http://www.signallake.com/innovation/SLloyd021400.pdf}. Last accessed 28 October 2014.}
}


@article{Test002,
    author = {Charles H. Bennett and Rolf Landauer},
    year = {2011},
    title = {The Fundamental Physical Limits of Computation},
    journal = {Scientific American},
    month = {June},
    note = {\url{http://www.scientificamerican.com/article/the-fundamental-physical-limits-of-computation/}. Last accessed 28 October 2014.}
}