% ===============================
% Introduction
% ===============================
@misc{KeylessDoorProsCons,
    key = {KeylessDoorProsCons},
    title = {Pros and Cons of a Keyless Door Entry},
    year = {2014},
    month = {October},
    note = {\url{http://www.locksmithorting.com/pros-and-cons-of-a-keyless-door-entry}. Last accessed 18 April 2015.}
}

% ===============================
% Background
% ===============================
@article{Gunson2011,
    title={User perceptions of security and usability of single-factor and two-factor authentication in automated telephone banking},
    author={Gunson, Nancie and Marshall, Diarmid and Morton, Hazel and Jack, Mervyn},
    journal={computers \& security},
    volume={30},
    number={4},
    pages={208--220},
    year={2011},
    publisher={Elsevier},
    link = {http://www.research.ed.ac.uk/portal/files/11914398/Gunson_7.pdf}
}

@misc{RPi1ModelB,
    key = {RPi1ModelB},
    title = {{Raspberry Pi 1 Model B+}},
    note = {\url{https://www.raspberrypi.org/products/model-b-plus/}. Last accessed 19 April 2015.}
}

@misc{RPi2ModelB,
    key = {RPi2ModelB},
    title = {{Raspberry Pi 2 Model B}},
    note = {\url{https://www.raspberrypi.org/products/raspberry-pi-2-model-b/}. Last accessed 19 April 2015.}
}

% ===============================
% Related Work
% ===============================
@misc{PiLock,
    author = {Paolo Bernasconi},
    title = {{Raspberry Pi RFID} Door Lock},
    note = {\url{http://www.pi-lock.com}. Last accessed 19 April 2015.}
}






@misc{ISO9798_2010,
   key = {ISO/IEC 9798},
   publisher = {ISO, Berlin, Germany},
   type = {Standard},
   title = {Information Technology \textendash Security Techniques \textendash Entity Authentication},
   number = {ISO/IEC 9798},
   year = {2010},
   link = {www.bcc.net.bd/wp-content/uploads/2014/08/ISO_IEC_9798-1.pdf}
}

@misc{AAMHS2011,
    author = {CA Technologies},
    title = {Advanced Authentication Methods: Software vs. Hardware},
    year = {2011},
    note = {\url{http://www.ca.com/~/media/Files/whitepapers/ebook-advanced-authenticaiton-methods.pdf}. Last accessed 13 September 2014.}
}

@misc{InfoSecurity2012,
    title = {Software-based authentication 95\% cheaper than hardware-based authentication, report shows},
    year = {2012},
    month = {July},
    note = {\url{http://www.infosecurity-magazine.com/news/software-based-authentication-95-cheaper-than/}. Last accessed 13 September 2014.}
}

@phdthesis{Pasupathinathan2009,
	author = {Vijayakrishnan Pasupathinathan},
	title = {Hardware-based Identification and Authentication Systems},
	school = {Macquarie University},
	year = {2009},
	link = {http://research.science.mq.edu.au/acac/researchstudent_completed/Vijay_thesis.pdf}
}

@article{KardasTunali2006,
    author = {Geylani Kardas and E. Turhan Tunali},
    year = {2006},
    title = {Design and implementation of a smart card based healthcare information system},
    journal = {Computer Methods and Programs in Biomedicine},
    volume = {81},
    month = {January},
    pages = {66-78},
    link = {http://www.sciencedirect.com/science/article/pii/S0169260705002142}
}

@article{OGorman2003,
    author = {Lawrence O'Gorman},
    journal = {Proceedings of the IEEE},
    title = {Comparing passwords, tokens, and biometrics for user authentication},
    year = {2003},
    month = {Dec},
    volume = {91},
    number = {12},
    pages = {2021-2040},
    link = {http://ieeexplore.ieee.org/xpls/abs_all.jsp?arnumber=1246384}
}

@misc{KeylexPin,
    title = {{PIN} Code Locks -- {REL.RB3002} Series PIN Locks},
    note = {\url{http://www.keylex.co.uk/acatalog/Pin-Code-Locks.html}. Last accessed 26 September 2014.}
}

@misc{MegaMatcher,
    title = {MegaMatcher Algorithm Features and Capabilities},
    note = {\url{http://www.neurotechnology.com/megamatcher-technology.html}. Last accessed 26 September 2014.}
}

@misc{MegaMatcherPrices,
    title = {Prices for MegaMatcher},
    year = {2014},
    month = {March},
    day = {17},
    note = {\url{http://www.neurotechnology.com/prices-megamatcher.html}.  Last accessed 26 September 2014.}
}

@article{Violino2005,
    author = {Bob Violino},
    journal = {RFID Journal},
    title = {{RFID} System Components and Costs},
    year = {2005},
    month = {January},
    link = {http://www.rfidjournal.com/articles/view?1336/1}
}


@article{Violino2006,
    author = {Bob Violino},
    journal = {RFID Journal},
    title = {{RFID} System Components and Costs},
    year = {2006},
    month = {January},
    link = {http://www.rfidjournal.com/faq/show?861}
}


@misc{LodgemartMiwaLock,
    title = {Miwa {AL5H} Hotel Lock},
    note = {\url{http://www.lodgemart.com/mialholo.html}. Last accessed 25 September 2014.}
}

@misc{MiwaLock,
    title = {{AL5H} Hotel Lock System},
    note = {\url{http://www.miwalock.com/product/al5h/}. Last accessed 25 September 2014.}
}

@misc{ChurchTrac,
    title = {Barcode Check-In and Child Security},
    note = {\url{http://www.churchtrac.com/knowledgebase/checkin_child_security.htm}. Last accessed 24 September 2014.}
}

@misc{MiFareAdafruit,
    title = {MiFare Classic (13.56MHz RFID/NFC) Card},
    note = {\url{http://www.adafruit.com/product/359}. Last accessed 2 January 2015.}
}

@misc{Yung2013,
    author = {Jolin Yung},
    title = {Software and Device for crack and copy Mifare 1k S50 UID},
    year = {2013},
    month = {May},
    day = {6},
    note = {\url{http://proxmark3-gezhitech.blogspot.com/2013/05/software-and-device-for-crack-and-copy.html}. Last accessed 2 January 2015.}
}

@misc{CardwerkSmartCard,
    title = {Smart Card Technology},
    note = {\url{http://www.cardwerk.com/smartcards/smartcard_technology.aspx}. Last accessed 26 September 2014.}
}

@misc{LowesKeypadLocks,
    title = {Electronic Keypad Locks},
    note = {\url{http://www.lowes.ca/hardware/door-window-hardware/door-handles-locks/electronic-keypad-locks/}. Last accessed 2 January 2015.}
}

@misc{ISO9564-1_2002,
   key = {ISO/IEC 9564-1},
   publisher = {ISO, Berlin, Germany},
   type = {Standard},
   title = {Banking -- Personal Identification Number (PIN) management and security -- Part 1: Basic principles and requirements for online PIN handling in ATM and POS systems},
   number = {ISO/IEC 9564-1},
   year = {2002},
   link = {http://www.iso.org/iso/iso_catalogue/catalogue_tc/catalogue_detail.htm?csnumber=29374}
}


@article{Test001,
    author = {Seth Lloyd},
    year = {2000},
    title = {Ultimate physical limits to computation},
    journal = {MIT Department of Mechanical Engineering},
    month = {February},
    note = {\url{http://www.signallake.com/innovation/SLloyd021400.pdf}. Last accessed 28 October 2014.}
}


@article{Test002,
    author = {Charles H. Bennett and Rolf Landauer},
    year = {2011},
    title = {The Fundamental Physical Limits of Computation},
    journal = {Scientific American},
    month = {June},
    note = {\url{http://www.scientificamerican.com/article/the-fundamental-physical-limits-of-computation/}. Last accessed 28 October 2014.}
}